@inproceedings{wprof,
 author = {Wang, Xiao Sophia and Balasubramanian, Aruna and Krishnamurthy, Arvind and Wetherall, David},
 title = {Demystifying Page Load Performance with WProf},
 booktitle = {Proceedings of the 10th USENIX Conference on Networked Systems Design and Implementation},
 series = {nsdi'13},
 year = {2013},
 location = {Lombard, IL},
 pages = {473--486},
 numpages = {14},
 url = {http://dl.acm.org/citation.cfm?id=2482626.2482671},
 acmid = {2482671},
 publisher = {USENIX Association},
 address = {Berkeley, CA, USA},
}
